% Confocal Microscope
@article{paddock2000principles,
  title={Principles and practices of laser scanning confocal microscopy},
  author={Paddock, Stephen W},
  journal={Molecular biotechnology},
  volume={16},
  pages={127--149},
  year={2000},
  publisher={Springer}
}
% instance segmemtation review
@article{hafiz2020survey,
  title={A survey on instance segmentation: state of the art},
  author={Hafiz, Abdul Mueed and Bhat, Ghulam Mohiuddin},
  journal={International journal of multimedia information retrieval},
  volume={9},
  number={3},
  pages={171--189},
  year={2020},
  publisher={Springer}
}
% patricle filtering
@article{smal2008particle,
  title={Particle filtering for multiple object tracking in dynamic fluorescence microscopy images: Application to microtubule growth analysis},
  author={Smal, Ihor and Draegestein, Katharina and Galjart, Niels and Niessen, Wiro and Meijering, Erik},
  journal={IEEE transactions on medical imaging},
  volume={27},
  number={6},
  pages={789--804},
  year={2008},
  publisher={IEEE}
}
% quatum dots
@ARTICLE{1621229,
  author={Genovesio, A. and Liedl, T. and Emiliani, V. and Parak, W.J. and Coppey-Moisan, M. and Olivo-Marin, J.-C.},
  journal={IEEE Transactions on Image Processing}, 
  title={Multiple particle tracking in 3-D+t microscopy: method and application to the tracking of endocytosed quantum dots}, 
  year={2006},
  volume={15},
  number={5},
  pages={1062-1070},
  keywords={Particle tracking;Microscopy;Quantum dots;Biology computing;Biological system modeling;Image sequences;Multidimensional systems;Fluorescence;Data mining;Information analysis;Bayesian filtering;cell biology;data association;microscopy;multiple particle tracking;quantum dots},
  doi={10.1109/TIP.2006.872323}}

% YOLACT(instance segmentation)
@InProceedings{Bolya_2019_ICCV,
author = {Bolya, Daniel and Zhou, Chong and Xiao, Fanyi and Lee, Yong Jae},
title = {YOLACT: Real-Time Instance Segmentation},
booktitle = {Proceedings of the IEEE/CVF International Conference on Computer Vision (ICCV)},
month = {October},
year = {2019}
}
% MOT Review
@article{luo2021multiple,
  title={Multiple object tracking: A literature review},
  author={Luo, Wenhan and Xing, Junliang and Milan, Anton and Zhang, Xiaoqin and Liu, Wei and Kim, Tae-Kyun},
  journal={Artificial intelligence},
  volume={293},
  pages={103448},
  year={2021},
  publisher={Elsevier}
}
3d active mesh
@ARTICLE{5676210,
  author={Dufour, Alexandre and Thibeaux, Roman and Labruyere, Elisabeth and Guillen, Nancy and Olivo-Marin, Jean-Christophe},
  journal={IEEE Transactions on Image Processing}, 
  title={3-D Active Meshes: Fast Discrete Deformable Models for Cell Tracking in 3-D Time-Lapse Microscopy}, 
  year={2011},
  volume={20},
  number={7},
  pages={1925-1937},
  keywords={Three dimensional displays;Image segmentation;Computational modeling;Deformable models;Biology;Solid modeling;Minimization;Biological image sequence;cell tracking;deformable models;3-D active meshes},
  doi={10.1109/TIP.2010.2099125}}

% YOLO
@inproceedings{redmon2016you,
  title={You only look once: Unified, real-time object detection},
  author={Redmon, J},
  booktitle={Proceedings of the IEEE conference on computer vision and pattern recognition},
  year={2016}
}
% SORT
@inproceedings{bewley2016simple,
  title={Simple online and realtime tracking},
  author={Bewley, Alex and Ge, Zongyuan and Ott, Lionel and Ramos, Fabio and Upcroft, Ben},
  booktitle={2016 IEEE international conference on image processing (ICIP)},
  pages={3464--3468},
  year={2016},
  organization={IEEE}
}
% motpy
% yolo v1 to v10
@article{alif2024yolov1,
  title={YOLOv1 to YOLOv10: A comprehensive review of YOLO variants and their application in the agricultural domain},
  author={Alif, Mujadded Al Rabbani and Hussain, Muhammad},
  journal={arXiv preprint arXiv:2406.10139},
  year={2024}
}
% yolo v10
@article{wang2024yolov10,
  title={Yolov10: Real-time end-to-end object detection},
  author={Wang, Ao and Chen, Hui and Liu, Lihao and Chen, Kai and Lin, Zijia and Han, Jungong and Ding, Guiguang},
  journal={arXiv preprint arXiv:2405.14458},
  year={2024}
}
% kalman filter
@book{adachi2012kalman,
  author={{足立 修一} and {丸田 一郎}},
  title={カルマンフィルタの基礎},
  publisher={東京電機大学出版局},
  year={2012}
}
% GPT: Pre-Training
@article{radford2018improving,
  title={Improving language understanding by generative pre-training},
  author={Radford, Alec},
  year={2018}
}
% R-CNN
@inproceedings{girshick2014rich,
  title={Rich feature hierarchies for accurate object detection and semantic segmentation},
  author={Girshick, Ross and Donahue, Jeff and Darrell, Trevor and Malik, Jitendra},
  booktitle={Proceedings of the IEEE conference on computer vision and pattern recognition},
  pages={580--587},
  year={2014}
}
% Fast R-CNN
@article{girshick2015fast,
  title={Fast r-cnn},
  author={Girshick, Ross},
  journal={arXiv preprint arXiv:1504.08083},
  year={2015}
}
% Faster R-CNN
@article{ren2016faster,
  title={Faster R-CNN: Towards real-time object detection with region proposal networks},
  author={Ren, Shaoqing and He, Kaiming and Girshick, Ross and Sun, Jian},
  journal={IEEE transactions on pattern analysis and machine intelligence},
  volume={39},
  number={6},
  pages={1137--1149},
  year={2016},
  publisher={IEEE}
}
% hungarian algorithm
@article{kuhn1955hungarian,
  title={The Hungarian method for the assignment problem},
  author={Kuhn, Harold W},
  journal={Naval research logistics quarterly},
  volume={2},
  number={1-2},
  pages={83--97},
  year={1955},
  publisher={Wiley Online Library}
}